@misc{sealcrypto,
    title = {{M}icrosoft {SEAL} (release 3.6)},
    howpublished = {\url{https://github.com/Microsoft/SEAL}},
    month = nov,
    year = 2020,
    note = {Microsoft Research, Redmond, WA.},
    key = {SEAL}
}

@misc{lattigo,
    title = {Lattigo v2.1.0},
    howpublished = {Online: \url{http://github.com/ldsec/lattigo}},
    month = dec,
    year = 2020,
    note = {EPFL-LDS}
}
